<record><leader>00000cas a22000007a 4500</leader><controlfield tag="001">10947938</controlfield><controlfield tag="008">840713d19611963nyuwr ne      0    0eng d</controlfield><controlfield tag="009">148</controlfield><datafield ind1=" " ind2=" " tag="010"><subfield code="a">sn 84031472 </subfield></datafield><datafield ind1=" " ind2=" " tag="040"><subfield code="a">NYG</subfield><subfield code="b">eng</subfield><subfield code="c">NYG</subfield><subfield code="d">NYS</subfield><subfield code="d">OCLCQ</subfield></datafield><datafield ind1="1" ind2=" " tag="029"><subfield code="a">AU@</subfield><subfield code="b">000020668892</subfield></datafield><datafield ind1=" " ind2=" " tag="042"><subfield code="a">msc</subfield></datafield><datafield ind1="0" ind2="0" tag="245"><subfield code="a">Moriches Bay tide.</subfield></datafield><datafield ind1=" " ind2=" " tag="260"><subfield code="a">Center Moriches, N.Y. :</subfield><subfield code="b">Moriches Bay Tide,</subfield><subfield code="c">1961-1963.</subfield></datafield><datafield ind1=" " ind2=" " tag="300"><subfield code="a">v. :</subfield><subfield code="b">ill.</subfield></datafield><datafield ind1=" " ind2=" " tag="310"><subfield code="a">Weekly</subfield></datafield><datafield ind1="0" ind2=" " tag="362"><subfield code="a">Vol. 1, no. 1 (June 2, 1961)-v. 2, no. 44 (Mar. 28, 1963).</subfield></datafield><datafield ind1=" " ind2=" " tag="500"><subfield code="a">Editor: J.B. Cummings, 1961-1963.</subfield></datafield><datafield ind1=" " ind2=" " tag="530"><subfield code="a">Also available on microfilm from Suffolk Co-op Library.</subfield></datafield><datafield ind1=" " ind2="4" tag="651"><subfield code="a">Center Moriches (N.Y.)</subfield><subfield code="v">Newspapers.</subfield></datafield><datafield ind1=" " ind2="4" tag="651"><subfield code="a">Suffolk County (N.Y.)</subfield><subfield code="v">Newspapers.</subfield></datafield><datafield ind1="1" ind2=" " tag="700"><subfield code="a">Cummings, John B.</subfield></datafield><datafield ind1=" " ind2=" " tag="752"><subfield code="a">United States</subfield><subfield code="b">New York</subfield><subfield code="c">Suffolk</subfield><subfield code="d">Center Moriches.</subfield></datafield><datafield ind1="0" ind2="5" tag="780"><subfield code="t">Moriches Bay view</subfield><subfield code="w">(DLC)sn 84031473</subfield></datafield><datafield ind1="0" ind2="0" tag="785"><subfield code="a">Tide (Center Moriches, N.Y.)</subfield><subfield code="w">(DLC)sn 95071024</subfield><subfield code="w">(OCoLC)31744667</subfield></datafield></record>